@book{caplan2019grammar,
  title =	 {Grammar Choices for Graduate and Professional Writers},
  author =	 {Caplan, Nigel A},
  year =	 2019,
  publisher =	 {University of Michigan Press ELT}
}

@article{gopen1990science,
  title =	 {The Science of Scientific Writing},
  author =	 {Gopen, George D and Swan, Judith A},
  journal =	 {American Scientist},
  volume =	 78,
  number =	 6,
  pages =	 {550--558},
  year =	 1990
}

@book{gopen2004expectations,
  title =	 {Expectations: {T}eaching Writing from the Reader's
                  Perspective},
  author =	 {Gopen, George D},
  year =	 2004,
  publisher =	 {Pearson}
}

@book{gopen2004sense,
  title =	 {The Sense of Structure: {w}riting from the Reader's
                  Perspective},
  author =	 {Gopen, George D},
  year =	 2004,
  publisher =	 {Pearson}
}

@book{hairston2003successful,
  title =	 {Successful Writing},
  author =	 {Hairston, Maxine and Keene, Michael L},
  year =	 2003,
  edition =	 5,
  publisher =	 {W. W. Norton & Company}
}

@article{jenkins1995write,
  title =	 {How to Write a Paper for a Scientific Journal},
  author =	 {Jenkins, Sue},
  year =	 1995,
  journal =	 {Australian Journal of Physiotherapy},
  volume =	 {41(4)},
  pages =	 {285--289}
}

@book{lebrun2021scientific,
  title =	 {Scientific Writing 3.0: {A} Reader and Writer's Guide},
  author =	 {Lebrun, Jean-Luc and Lebrun, Justin},
  year =	 2021,
  publisher =	 {World Scientific}
}

@article{marron1999effective,
  title =	 {Effective Writing in Mathematical Statistics},
  author =	 {Marron, J S},
  journal =	 {Statistica Neerlandica},
  volume =	 53,
  number =	 1,
  pages =	 {68--75},
  year =	 1999,
  publisher =	 {Wiley Online Library}
}

@book{miller2015chicago,
  title =	 {The {C}hicago Guide to Writing about Numbers},
  author =	 {Miller, Jane E},
  year =	 2015,
  publisher =	 {University of Chicago Press}
}

@article{morris2019using,
  title =	 {Using Simulation Studies to Evaluate Statistical Methods},
  author =	 {Morris, Tim P and White, Ian R and Crowther, Michael J},
  journal =	 {Statistics in medicine},
  volume =	 38,
  number =	 11,
  pages =	 {2074--2102},
  year =	 2019,
  publisher =	 {Wiley Online Library}
}

@article{noble2017rules,
  title =	 {Ten Simple Rules for Writing a Response to Reviewers},
  author =	 {Noble, William S},
  year =	 1995,
  journal =	 {PLoS Comput Biol},
  volume =	 {13(10)},
  pages =	 {e1005730},
  doi =		 {10.1371/journal.pcbi.1005730}
}

@book{oshima2000writing,
  title =	 {Writing Academic English},
  author =	 {Oshima, Alex and Hogue, Ann},
  year =	 2000,
  publisher =	 {Longman}
}

@Book{xie2015dynamic,
  title =	 {Dynamic Documents with {R} and knitr},
  author =	 {Yihui Xie},
  publisher =	 {Chapman and Hall/CRC},
  address =	 {Boca Raton, Florida},
  year =	 2015,
  edition =	 {2nd},
  note =	 {ISBN 978-1498716963},
  url =		 {http://yihui.name/knitr/},
}

@book{xie2016bookdown,
  title =	 {Bookdown: {A}uthoring Books and Technical Documents with {R}
                  Markdown},
  author =	 {Xie, Yihui},
  year =	 2016,
  publisher =	 {Chapman and Hall/CRC}
}

@book{zeiger2000writing,
  title =	 {Essentials of Writing Biomedical Research Papers},
  author =	 {Zeiger, Mimi},
  year =	 2000,
  edition =	 2,
  publisher =	 {McGraw-Hill},
  address =	 {New York}
}
